@book{RN1,
   author = {Levitin, Anany},
   title = {Introduction to the design & analysis of algorithms},
   publisher = {Pearson Addison-Wesley},
   address = {London},
   edition = {2nd ed.},
   series = {Introduction to the design and analysis of algorithms.},
   ISBN = {0321364139},
   year = {2007},
   type = {Book}
}

@ONLINE {RN2,
    author = "Max Shawabkeh",
    title  = "Computer median values stored in a vector - c++",
    month  = "may",
    year   = "2018",
    url    = "https://stackoverflow.com/questions/2114797/compute-median-of-values-stored-in-vector-c/2114817#2114817"
}

@ONLINE {RN3,
    author = "Himanshu Ranjan",
    title  = "Program for Mean and median of an unsorted array",
    year   = "2018",
    url    = "https://www.geeksforgeeks.org/program-for-mean-and-median-of-an-unsorted-array/"
}

@ONLINE {RN4,
	author = "Weisstein, Eric W.",
	title  = "Statistical Median",
	year   = "2018",
	url    = "http://mathworld.wolfram.com/StatisticalMedian.html"
}

